@article{ABS2014WrongfulDischargeLaws,
  title = {Wrongful {{Discharge Laws}} and {{Innovation}}},
  author = {Acharya, Viral V. and Baghai, Ramin P. and Subramanian, Krishnamurthy V.},
  year = {2014},
  month = jan,
  journal = {Review of Financial Studies},
  volume = {27},
  number = {1},
  pages = {301--346},
  issn = {0893-9454, 1465-7368},
  doi = {10.1093/rfs/hht009},
  urldate = {2023-05-25},
  langid = {english}
}

@article{ADM2014BribePaymentsInnovation,
  title = {Bribe {{Payments}} and {{Innovation}} in {{Developing Countries}}: {{Are Innovating Firms Disproportionately Affected}}?},
  shorttitle = {Bribe {{Payments}} and {{Innovation}} in {{Developing Countries}}},
  author = {Ayyagari, Meghana and {Demirg{\"u}{\c c}-Kunt}, Asli and Maksimovic, Vojislav},
  year = {2014},
  month = feb,
  journal = {Journal of Financial and Quantitative Analysis},
  volume = {49},
  number = {1},
  pages = {51--75},
  issn = {0022-1090, 1756-6916},
  doi = {10.1017/S002210901400026X},
  urldate = {2023-05-25},
  langid = {english}
}

@article{AS2009BankruptcyCodesInnovation,
  title = {Bankruptcy {{Codes}} and {{Innovation}}},
  author = {Acharya, Viral V. and Subramanian, Krishnamurthy V.},
  year = {2009},
  month = dec,
  journal = {Review of Financial Studies},
  volume = {22},
  number = {12},
  pages = {4949--4988},
  issn = {0893-9454, 1465-7368},
  doi = {10.1093/rfs/hhp019},
  urldate = {2023-05-25},
  langid = {english}
}

@article{BBC2021TextBasedAnalysisCorporate,
  title = {A {{Text-Based Analysis}} of {{Corporate Innovation}}},
  author = {Bellstam, Gustaf and Bhagat, Sanjai and Cookson, J. Anthony},
  year = {2021},
  month = jul,
  journal = {Management Science},
  volume = {67},
  number = {7},
  pages = {4004--4031},
  issn = {0025-1909, 1526-5501},
  doi = {10.1287/mnsc.2020.3682},
  urldate = {2023-05-25},
  langid = {english}
}

@article{BDV2016TradeInducedTechnical,
  title = {Trade {{Induced Technical Change}}? {{The Impact}} of {{Chinese Imports}} on {{Innovation}}, {{IT}} and {{Productivity}}},
  shorttitle = {Trade {{Induced Technical Change}}?},
  author = {Bloom, Nicholas and Draca, Mirko and Van Reenen, John},
  year = {2016},
  month = jan,
  journal = {The Review of Economic Studies},
  volume = {83},
  number = {1},
  pages = {87--117},
  issn = {0034-6527, 1467-937X},
  doi = {10.1093/restud/rdv039},
  urldate = {2023-05-25},
  langid = {english}
}

@article{BHTX2017WhatAffectsInnovation,
  title = {What {{Affects Innovation More}}: {{Policy}} or {{Policy Uncertainty}}?},
  shorttitle = {What {{Affects Innovation More}}},
  author = {Bhattacharya, Utpal and Hsu, Po-Hsuan and Tian, Xuan and Xu, Yan},
  year = {2017},
  month = oct,
  journal = {Journal of Financial and Quantitative Analysis},
  volume = {52},
  number = {5},
  pages = {1869--1901},
  issn = {0022-1090, 1756-6916},
  doi = {10.1017/S0022109017000540},
  urldate = {2023-05-25},
  langid = {english}
}

@article{BTV2022ForbiddenFruitsPolitical,
  title = {Forbidden {{Fruits}}: {{The Political Economy}} of {{Science}}, {{Religion}}, and {{Growth}}},
  shorttitle = {Forbidden {{Fruits}}},
  author = {B{\'e}nabou, Roland and Ticchi, Davide and Vindigni, Andrea},
  year = {2022},
  month = jul,
  journal = {The Review of Economic Studies},
  volume = {89},
  number = {4},
  pages = {1785--1832},
  issn = {0034-6527, 1467-937X},
  doi = {10.1093/restud/rdab069},
  urldate = {2023-05-25},
  langid = {english}
}

@article{CKY2018MeasuringInnovation,
  title = {Measuring {{Innovation}}},
  author = {Cooper, Michael J. and Knott, Anne Marie and Yang, Wenhao},
  year = {2018},
  month = jul,
  journal = {SSRN Electronic Journal},
  issn = {1556-5068},
  doi = {10.2139/ssrn.2631655},
  urldate = {2023-05-25},
  langid = {english}
}

@article{CMU2022BetterFasterStronger,
  title = {Better, {{Faster}}, {{Stronger}}: {{Global Innovation}} and {{Trade Liberalization}}},
  shorttitle = {Better, {{Faster}}, {{Stronger}}},
  author = {Coelli, Federica and Moxnes, Andreas and {Ulltveit-Moe}, Karen Helene},
  year = {2022},
  month = mar,
  journal = {The Review of Economics and Statistics},
  volume = {104},
  number = {2},
  pages = {205--216},
  issn = {0034-6535, 1530-9142},
  doi = {10.1162/rest_a_00951},
  urldate = {2023-05-25},
  langid = {english}
}

@article{CMZZ2018PatentsPortendProductivity,
  title = {Do {{Patents Portend Productivity Growth}}? {{Global Evidence}} from {{Private}} and {{Public Firms}}},
  shorttitle = {Patents and {{Productivity Growth}}},
  author = {Chang, Xin (Simba) and McLean, R. David and Zhang, Bohui and Zhang, Wenrui},
  year = {2018},
  journal = {SSRN Electronic Journal},
  issn = {1556-5068},
  doi = {10.2139/ssrn.2371600},
  urldate = {2023-05-24},
  langid = {english}
}

@article{CPRV2014LocalGamblingPreferences,
  title = {Local {{Gambling Preferences}} and {{Corporate Innovative Success}}},
  author = {Chen, Yangyang and Podolski, Edward J. and Rhee, S. Ghon and Veeraraghavan, Madhu},
  year = {2014},
  month = feb,
  journal = {Journal of Financial and Quantitative Analysis},
  volume = {49},
  number = {1},
  pages = {77--106},
  issn = {0022-1090, 1756-6916},
  doi = {10.1017/S0022109014000246},
  urldate = {2023-05-25},
  langid = {english}
}

@article{FLW2017IntellectualPropertyRights,
  title = {Intellectual {{Property Rights Protection}}, {{Ownership}}, and {{Innovation}}: {{Evidence}} from {{China}}},
  shorttitle = {Intellectual {{Property Rights Protection}}, {{Ownership}}, and {{Innovation}}},
  author = {Fang, Lily H. and Lerner, Josh and Wu, Chaopeng},
  year = {2017},
  month = jul,
  journal = {The Review of Financial Studies},
  volume = {30},
  number = {7},
  pages = {2446--2477},
  issn = {0893-9454, 1465-7368},
  doi = {10.1093/rfs/hhx023},
  urldate = {2023-05-24},
  langid = {english}
}

@article{GZ2017EmploymentNondiscriminationActs,
  title = {Employment {{Nondiscrimination Acts}} and {{Corporate Innovation}}},
  author = {Gao, Huasheng and Zhang, Wei},
  year = {2017},
  month = sep,
  journal = {Management Science},
  volume = {63},
  number = {9},
  pages = {2982--2999},
  issn = {0025-1909, 1526-5501},
  doi = {10.1287/mnsc.2016.2457},
  urldate = {2023-05-25},
  langid = {english}
}

@article{HT2018FinanceCorporateInnovation,
  title = {Finance and {{Corporate Innovation}}: {{A Survey}}},
  shorttitle = {Finance and {{Corporate Innovation}}},
  author = {He, Jie Jack and Tian, Xuan},
  year = {2018},
  month = apr,
  journal = {Asia-Pacific Journal of Financial Studies},
  volume = {47},
  number = {2},
  pages = {165--212},
  issn = {20419945},
  doi = {10.1111/ajfs.12208},
  urldate = {2023-05-24},
  langid = {english}
}

@article{KPSS2017TechnologicalInnovationResource,
  title = {Technological {{Innovation}}, {{Resource Allocation}}, and {{Growth}}},
  author = {Kogan, Leonid and Papanikolaou, Dimitris and Seru, Amit and Stoffman, Noah},
  year = {2017},
  month = may,
  journal = {The Quarterly Journal of Economics},
  volume = {132},
  number = {2},
  pages = {665--712},
  issn = {0033-5533, 1531-4650},
  doi = {10.1093/qje/qjw040},
  urldate = {2023-05-25},
  langid = {english}
}

@techreport{KQ2014IntellectualPropertyRights,
  title = {Intellectual {{Property Rights}} and {{Access}} to {{Innovation}}: {{Evidence}} from {{TRIPS}}},
  shorttitle = {Intellectual {{Property Rights}} and {{Access}} to {{Innovation}}},
  author = {Kyle, Margaret and Qian, Yi},
  year = {2014},
  month = dec,
  number = {w20799},
  pages = {w20799},
  address = {{Cambridge, MA}},
  institution = {{National Bureau of Economic Research}},
  doi = {10.3386/w20799},
  urldate = {2023-05-24},
  langid = {english}
}

@article{L2009EmpiricalImpactIntellectual,
  title = {The {{Empirical Impact}} of {{Intellectual Property Rights}} on {{Innovation}}: {{Puzzles}} and {{Clues}}},
  shorttitle = {The {{Empirical Impact}} of {{Intellectual Property Rights}} on {{Innovation}}},
  author = {Lerner, Josh},
  year = {2009},
  month = apr,
  journal = {American Economic Review},
  volume = {99},
  number = {2},
  pages = {343--348},
  issn = {0002-8282},
  doi = {10.1257/aer.99.2.343},
  urldate = {2023-05-24},
  langid = {english}
}

@article{LLM2021ShareholderLitigationCorporate,
  title = {Shareholder {{Litigation}} and {{Corporate Innovation}}},
  author = {Lin, Chen and Liu, Sibo and Manso, Gustavo},
  year = {2021},
  month = jun,
  journal = {Management Science},
  volume = {67},
  number = {6},
  pages = {3346--3367},
  issn = {0025-1909, 1526-5501},
  doi = {10.1287/mnsc.2020.3626},
  urldate = {2023-05-25},
  langid = {english}
}

@article{LTMZ2016RealEffectFinancial,
  title = {The {{Real Effect}} of {{Financial Disclosure}}: {{International Evidence}}},
  author = {Li, Xi and Tian, Xuan and Moshirian, Fariborz and Zhang, Bohui},
  year = {2016},
  month = aug,
  langid = {english}
}

@book{R2006InnovationGrowthTourism,
  title = {Innovation and {{Growth}} in {{Tourism}}},
  author = {Rosenberg, Nathan},
  year = {2006},
  month = jun,
  publisher = {{OECD}},
  doi = {10.1787/9789264025028-en},
  urldate = {2023-05-24},
  isbn = {978-92-64-02501-1 978-92-64-02502-8},
  langid = {english}
}

@article{T2006InnovationInformationFinancial,
  title = {Innovation, {{Information}}, and {{Financial Architecture}}},
  author = {Tadesse, Solomon},
  year = {2006},
  month = dec,
  journal = {Journal of Financial and Quantitative Analysis},
  volume = {41},
  number = {4},
  pages = {753--786},
  issn = {0022-1090, 1756-6916},
  doi = {10.1017/S0022109000002635},
  urldate = {2023-05-25},
  langid = {english}
}

@article{W2013IntellectualPropertyRights,
  title = {Intellectual {{Property Rights}} and {{Innovation}}: {{Evidence}} from the {{Human Genome}}},
  shorttitle = {Intellectual {{Property Rights}} and {{Innovation}}},
  author = {Williams, Heidi L.},
  year = {2013},
  month = feb,
  journal = {Journal of Political Economy},
  volume = {121},
  number = {1},
  pages = {1--27},
  issn = {0022-3808, 1537-534X},
  doi = {10.1086/669706},
  urldate = {2023-05-24},
  langid = {english}
}
